@ARTICLE{schlegel-ars06,
  AUTHOR      = {C. Schlegel},
  TITLE       = {Communication Patterns as Key Towards Component-Based Robotics},
  JOURNAL     = {International Journal on Advanced Robotics Systems,
                 Special Issue on Software Development and Integration in Robotics},
  PAGES       = {49-54},
  VOLUME      = {3},
  NUMBER      = {1},
  MONTH       = {March},
  YEAR        = 2006}

